<?xml version="1.0" encoding="UTF-8"?><collection xmlns="http://www.loc.gov/MARC21/slim"><record><leader>00522nam--2200193-i-4500</leader><controlfield tag="001">000048378</controlfield><controlfield tag="002">20161230</controlfield><controlfield tag="005">20161230201046</controlfield><controlfield tag="008">060222s1000------------r-----000-0-ger-d</controlfield><datafield ind1=" " ind2=" " tag="040"><subfield code="a">IFIN-HH</subfield></datafield><datafield ind1=" " ind2=" " tag="041"><subfield code="a">ger</subfield></datafield><datafield ind1=" " ind2=" " tag="080"><subfield code="a">539</subfield></datafield><datafield ind1="1" ind2=" " tag="100"><subfield code="a">Alfven, Hannes</subfield></datafield><datafield ind1="1" ind2="0" tag="245"><subfield code="a">Atome, mensch und universum</subfield><subfield code="b">Die lange kette der komplikationen</subfield><subfield code="c">Hannes alfven</subfield></datafield><datafield ind1=" " ind2=" " tag="260"><subfield code="a">Frankfurt Am Main</subfield><subfield code="b">Suhrkamp Verlag</subfield><subfield code="c">1971</subfield></datafield><datafield ind1=" " ind2=" " tag="300"><subfield code="a">100P</subfield></datafield><datafield ind1=" " ind2=" " tag="490"><subfield code="a">Suhrkamp Wissen. Thesen</subfield></datafield><datafield ind1=" " ind2=" " tag="852"><subfield code="a">35107</subfield><subfield code="c">539</subfield></datafield><datafield ind1=" " ind2=" " tag="CAT"><subfield code="a">Sys</subfield><subfield code="c">20111006</subfield><subfield code="h">141337</subfield></datafield></record></collection>